<?xml version="1.0"?>
<entry xmlns="http://www.w3.org/2005/Atom">
  <content type="application/xml">
    <response xmlns="http://worldcat.org/rb" mimeType="application/vnd.oclc.marc21+xml">
      <record xmlns="http://www.loc.gov/MARC21/slim">
        <leader>00000cam a2200000   4500</leader>
        <controlfield tag="001">ocm00829428</controlfield>
        <controlfield tag="003">OCoLC</controlfield>
        <controlfield tag="005">20171206212758.9</controlfield>
        <controlfield tag="008">740215s1973    dcua         f000 0 eng  </controlfield>
        <datafield tag="010" ind1=" " ind2=" ">
          <subfield code="a">   74600538 </subfield>
        </datafield>
        <datafield tag="040" ind1=" " ind2=" ">
          <subfield code="a">DLC</subfield>
          <subfield code="b">eng</subfield>
          <subfield code="c">DLC</subfield>
          <subfield code="d">USD</subfield>
          <subfield code="d">UIU</subfield>
          <subfield code="d">OCLCF</subfield>
          <subfield code="d">FUG</subfield>
          <subfield code="d">GPO</subfield>
          <subfield code="d">OCLCQ</subfield>
        </datafield>
        <datafield tag="035" ind1=" " ind2=" ">
          <subfield code="a">(OCoLC)829428</subfield>
        </datafield>
        <datafield tag="043" ind1=" " ind2=" ">
          <subfield code="a">nccz---</subfield>
        </datafield>
        <datafield tag="050" ind1="0" ind2="0">
          <subfield code="a">KF27</subfield>
          <subfield code="b">.M475 1973a</subfield>
        </datafield>
        <datafield tag="074" ind1=" " ind2=" ">
          <subfield code="a">1021</subfield>
        </datafield>
        <datafield tag="082" ind1="0" ind2="0">
          <subfield code="a">386/.444</subfield>
        </datafield>
        <datafield tag="086" ind1="0" ind2=" ">
          <subfield code="a">Y 4.M 53:93-19</subfield>
        </datafield>
        <datafield tag="088" ind1=" " ind2=" ">
          <subfield code="a">Serial no. 93-19 (United States. Congress. House. Committee on Merchant Marine and Fisheries)</subfield>
        </datafield>
        <datafield tag="049" ind1=" " ind2=" ">
          <subfield code="a">CUYM</subfield>
        </datafield>
        <datafield tag="110" ind1="1" ind2=" ">
          <subfield code="a">United States.</subfield>
          <subfield code="b">Congress.</subfield>
          <subfield code="b">House.</subfield>
          <subfield code="b">Committee on Merchant Marine and Fisheries.</subfield>
          <subfield code="b">Subcommittee on Panama Canal.</subfield>
        </datafield>
        <datafield tag="245" ind1="1" ind2="0">
          <subfield code="a">Shipping and canal operations.</subfield>
          <subfield code="b">Hearing, Ninety-third Congress, first session ...</subfield>
          <subfield code="c">July 17, 1973.</subfield>
        </datafield>
        <datafield tag="260" ind1=" " ind2=" ">
          <subfield code="a">Washington,</subfield>
          <subfield code="b">U.S. Govt. Print. Off.,</subfield>
          <subfield code="c">1973.</subfield>
        </datafield>
        <datafield tag="300" ind1=" " ind2=" ">
          <subfield code="a">iv, 94 pages</subfield>
          <subfield code="b">illustrations</subfield>
          <subfield code="c">24 cm</subfield>
        </datafield>
        <datafield tag="336" ind1=" " ind2=" ">
          <subfield code="a">text</subfield>
          <subfield code="b">txt</subfield>
          <subfield code="2">rdacontent</subfield>
        </datafield>
        <datafield tag="337" ind1=" " ind2=" ">
          <subfield code="a">unmediated</subfield>
          <subfield code="b">n</subfield>
          <subfield code="2">rdamedia</subfield>
        </datafield>
        <datafield tag="338" ind1=" " ind2=" ">
          <subfield code="a">volume</subfield>
          <subfield code="b">nc</subfield>
          <subfield code="2">rdacarrier</subfield>
        </datafield>
        <datafield tag="500" ind1=" " ind2=" ">
          <subfield code="a">"Serial no. 93-19."</subfield>
        </datafield>
        <datafield tag="530" ind1=" " ind2=" ">
          <subfield code="a">Also available in digital form on the Library of Congress Web site.</subfield>
        </datafield>
        <datafield tag="651" ind1=" " ind2="0">
          <subfield code="a">Panama Canal (Panama)</subfield>
        </datafield>
        <datafield tag="651" ind1=" " ind2="7">
          <subfield code="a">Panama</subfield>
          <subfield code="z">Panama Canal.</subfield>
          <subfield code="2">fast</subfield>
          <subfield code="0">(OCoLC)fst01243650</subfield>
        </datafield>
        <datafield tag="856" ind1="4" ind2="1">
          <subfield code="u">http://hdl.loc.gov/loc.law/llconghear.00184032764</subfield>
        </datafield>
      </record>
    </response>
  </content>
  <id>http://worldcat.org/oclc/829428</id>
  <link href="http://worldcat.org/oclc/829428"></link>
</entry>
